
@article{machta_complexity_2006,
	title = {Complexity, parallel computation and statistical physics},
	volume = {11},
	copyright = {http://onlinelibrary.wiley.com/termsAndConditions\#vor},
	issn = {1076-2787, 1099-0526},
	url = {https://onlinelibrary.wiley.com/doi/10.1002/cplx.20125},
	doi = {10.1002/cplx.20125},
	language = {en},
	number = {5},
	urldate = {2024-04-28},
	journal = {Complexity},
	author = {Machta, J.},
	month = may,
	year = {2006},
	pages = {46--64},
	file = {Machta - 2006 - Complexity, parallel computation and statistical p.pdf:/home/usuario/snap/zotero-snap/common/Zotero/storage/9ZD5ZQBP/Machta - 2006 - Complexity, parallel computation and statistical p.pdf:application/pdf},
}

@article{biskup_parallel_nodate,
	title = {Parallel software applications in high-energy physics},
	language = {en},
	author = {Biskup, Marek},
	file = {Biskup - Parallel software applications in high-energy phys.pdf:/home/usuario/snap/zotero-snap/common/Zotero/storage/45MS7988/Biskup - Parallel software applications in high-energy phys.pdf:application/pdf},
}


@article{adams_review_1996,
	title = {A review of parallel processing for statistical computation},
	volume = {6},
	copyright = {http://www.springer.com/tdm},
	issn = {0960-3174, 1573-1375},
	url = {http://link.springer.com/10.1007/BF00161572},
	doi = {10.1007/BF00161572},
	language = {en},
	number = {1},
	urldate = {2024-04-30},
	journal = {Statistics and Computing},
	author = {Adams, N. M. and Kirby, S. P. J. and Harris, P. and Clegg, D. B.},
	month = mar,
	year = {1996},
	pages = {37--49},
	file = {Adams et al. - 1996 - A review of parallel processing for statistical co.pdf:/home/usuario/snap/zotero-snap/common/Zotero/storage/RK9NHJWB/Adams et al. - 1996 - A review of parallel processing for statistical co.pdf:application/pdf},
}


@article{jesshope_computational_1986,
	title = {Computational physics and the need for parallelism},
	volume = {41},
	copyright = {https://www.elsevier.com/tdm/userlicense/1.0/},
	issn = {00104655},
	url = {https://linkinghub.elsevier.com/retrieve/pii/0010465586900755},
	doi = {10.1016/0010-4655(86)90075-5},
	language = {en},
	number = {2-3},
	urldate = {2024-04-30},
	journal = {Computer Physics Communications},
	author = {Jesshope, C.R.},
	month = aug,
	year = {1986},
	pages = {363--375},
	file = {Jesshope - 1986 - Computational physics and the need for parallelism:/home/usuario/snap/zotero-snap/common/Zotero/storage/73T5LL7G/Jesshope - 1986 - Computational physics and the need for parallelism:application/pdf},
}

@article{shi_optical_2020,
	title = {Optical {Potential}-{Well} {Array} for {High}-{Selectivity}, {Massive} {Trapping} and {Sorting} at {Nanoscale}},
	volume = {20},
	issn = {1530-6992},
	doi = {10.1021/acs.nanolett.0c01464},
	language = {eng},
	number = {7},
	journal = {Nano Letters},
	author = {Shi, Yuzhi and Zhao, Haitao and Chin, Lip Ket and Zhang, Yi and Yap, Peng Huat and Ser, Wee and Qiu, Cheng-Wei and Liu, Ai Qun},
	month = jul,
	year = {2020},
	pmid = {32574502},
	keywords = {Nanoparticle separation, nanophotonics, optical forces, potential wells, silicon photonics},
	pages = {5193--5200},
}

@article{neophytou_nanostructured_2019,
	title = {Nanostructured potential well/barrier engineering for realizing unprecedentedly large thermoelectric power factors},
	volume = {11},
	issn = {2542-5293},
	url = {https://www.sciencedirect.com/science/article/pii/S2542529319301397},
	doi = {10.1016/j.mtphys.2019.100159},
    urldate = {2024-03-24},
	journal = {Materials Today Physics},
	author = {Neophytou, N. and Foster, S. and Vargiamidis, V. and Pennelli, G. and Narducci, D.},
	month = dec,
	year = {2019},
	keywords = {Energy filtering, Modulation doping, Nanocrystalline materials, Seebeck coefficient, Thermoelectricity},
	pages = {100159},
	file = {ScienceDirect Snapshot:/home/usuario/snap/zotero-snap/common/Zotero/storage/K2JQSNM2/S2542529319301397.html:text/html;Texto completo:/home/usuario/snap/zotero-snap/common/Zotero/storage/EE8D8QMG/Neophytou et al. - 2019 - Nanostructured potential wellbarrier engineering .pdf:application/pdf},
}

@article{tsatsulnikov_modulation_1997,
	title = {Modulation of a quantum well potential by a quantum-dot array},
	volume = {31},
	issn = {1090-6479},
	url = {https://doi.org/10.1134/1.1187055},
	doi = {10.1134/1.1187055},
	language = {en},
	number = {1},
	urldate = {2024-03-24},
	journal = {Semiconductors},
	author = {Tsatsul’nikov, A. F. and Egorov, A. Yu. and Zhukov, A. E. and Kovsh, A. R. and Ustinov, V. M. and Ledentsov, N. N. and Maksimov, M. V. and Sakharov, A. V. and Suvorova, A. A. and Kop’ev, P. S. and Alferov, Zh. I. and Bimberg, D.},
	month = jan,
	year = {1997},
	keywords = {Electromagnetism, Magnetic Material, Potential Energy},
	pages = {88--91},
}


@article{jesshope_computational_1986,
	title = {Computational physics and the need for parallelism},
	volume = {41},
	copyright = {https://www.elsevier.com/tdm/userlicense/1.0/},
	issn = {00104655},
	url = {https://linkinghub.elsevier.com/retrieve/pii/0010465586900755},
	doi = {10.1016/0010-4655(86)90075-5},
	language = {en},
	number = {2-3},
	urldate = {2024-04-30},
	journal = {Computer Physics Communications},
	author = {Jesshope, C.R.},
	month = aug,
	year = {1986},
	pages = {363--375},
	file = {Jesshope - 1986 - Computational physics and the need for parallelism:/home/usuario/snap/zotero-snap/common/Zotero/storage/73T5LL7G/Jesshope - 1986 - Computational physics and the need for parallelism:application/pdf},
}

@article{dingle_causality_1970,
	title = {Causality and {Statistics} in {Modern} {Physics}},
	volume = {21},
	url = {http://www.jstor.org/stable/686194},
	language = {en},
	number = {3},
	journal = {The British Journal for the Philosophy of Science},
	author = {Dingle, Herbert},
	year = {1970},
	pages = {223--246},
	file = {Dingle - 1970 - Causality and Statistics in Modern Physics.pdf:/home/usuario/snap/zotero-snap/common/Zotero/storage/NCY75HHI/Dingle - 1970 - Causality and Statistics in Modern Physics.pdf:application/pdf},
}


@misc{an_science_2019,
	title = {Science {Opportunities} and {Challenges} {Associated} with {SKA} {Big} {Data}},
	url = {http://arxiv.org/abs/1901.07756},
	language = {en},
	urldate = {2024-05-13},
	publisher = {arXiv},
	author = {An, Tao},
	month = jan,
	year = {2019},
	note = {arXiv:1901.07756 [astro-ph]},
	keywords = {Astrophysics - Instrumentation and Methods for Astrophysics},
	annote = {Comment: To be published in SCIENCE CHINA Physics, Mechanics \& Astronomy, News \& Views},
	file = {An - 2019 - Science Opportunities and Challenges Associated wi.pdf:/home/usuario/snap/zotero-snap/common/Zotero/storage/K87RQS56/An - 2019 - Science Opportunities and Challenges Associated wi.pdf:application/pdf},
}


@article{dalcin_mpi_2005,
	title = {{MPI} for {Python}},
	volume = {65},
	copyright = {https://www.elsevier.com/tdm/userlicense/1.0/},
	issn = {07437315},
	url = {https://linkinghub.elsevier.com/retrieve/pii/S0743731505000560},
	doi = {10.1016/j.jpdc.2005.03.010},
	language = {en},
	number = {9},
	urldate = {2024-05-13},
	journal = {Journal of Parallel and Distributed Computing},
	author = {Dalcín, Lisandro and Paz, Rodrigo and Storti, Mario},
	month = sep,
	year = {2005},
	pages = {1108--1115},
	file = {Dalcín et al. - 2005 - MPI for Python.pdf:/home/usuario/snap/zotero-snap/common/Zotero/storage/TAYGG24T/Dalcín et al. - 2005 - MPI for Python.pdf:application/pdf},
}


@misc{hotboxes,
    title = {{HotBoxes}},
    author = {Samuel Quitian Gallego, Ana Sofia Marulanda Duque},
    howpublished = {\url{https://github.com/samuelquitiang/HotBoxes}},
    year = {year the repository was last updated}
}
@article{robey_parallel_nodate,
	title = {Parallel and {High} {Performance} {Computing}},
	language = {en},
	author = {Robey, Robert and Zamora, Yuliana},
	file = {Robey y Zamora - Parallel and High Performance Computing.pdf:/home/usuario/snap/zotero-snap/common/Zotero/storage/423EXZ6C/Robey y Zamora - Parallel and High Performance Computing.pdf:application/pdf},
}

@incollection{prasad_scalability_2018,
	address = {Cham},
	title = {Scalability in {Parallel} {Processing}},
	isbn = {978-3-319-93108-1 978-3-319-93109-8},
	url = {http://link.springer.com/10.1007/978-3-319-93109-8_4},
	language = {en},
	urldate = {2024-05-14},
	booktitle = {Topics in {Parallel} and {Distributed} {Computing}},
	publisher = {Springer International Publishing},
	author = {Ngoko, Yanik and Trystram, Denis},
	editor = {Prasad, Sushil K. and Gupta, Anshul and Rosenberg, Arnold and Sussman, Alan and Weems, Charles},
	year = {2018},
	doi = {10.1007/978-3-319-93109-8_4},
	pages = {79--109},
	file = {Ngoko y Trystram - 2018 - Scalability in Parallel Processing.pdf:/home/usuario/snap/zotero-snap/common/Zotero/storage/3PTKMS3D/Ngoko y Trystram - 2018 - Scalability in Parallel Processing.pdf:application/pdf},
}